@article{shannon1948,
  title = {A mathematical theory of communication},
  author = {Shannon, Claude Elwood},
  journal = {Bell system technical journal},
  volume = {27},
  number = {3},
  pages = {379--423},
  year = {1948},
}

@inproceedings{merkle1989,
  title = {A Certified Digital Signature},
  booktitle = {Advances in Cryptology {\textemdash} {CRYPTO}' 89 Proceedings},
  author = {Merkle, Ralph C.},
  year = {1989},
  pages = {218--238},
}

@inproceedings{roussopoulos1995,
  title = {Nearest neighbor queries},
  author = {Roussopoulos, Nick and Kelley, Stephen and Vincent, Fr{\'e}d{\'e}ric},
  booktitle = {Proceedings of the 1995 ACM SIGMOD International Conference on Management of Data},
  volume = {24},
  number = {2},
  pages = {71--79},
  year = {1995},
}

@misc{latextutoiral,
  author = {Xu, Cheng},
  title = {Introduction to \LaTeX},
  subtitle = {Writing papers the right way},
  year = 2019,
  url = {https://github.com/xu-cheng/latex-tutorial},
}
