@article{nameofentry,
  author  = {John Doe and Jane Doe},
  title   = {The title of the work},
  journal = {The name of the journal},
  year    = 1993,
  pages   = {201--213},
  month   = 7,
  volume  = 4
}
