@inproceedings{nameofentry,
  author    = {Doe, John and Doe, Jane},
  title     = {The title of the work},
  booktitle = {The name of the proceedings},
  year      = 2019,
  pages     = {100--110},
  month     = 1,
  address   = {Conference location},
}
